<?xml version="1.0" encoding="UTF-8"?><collection xmlns="http://www.loc.gov/MARC21/slim"><record><leader>00410nam--2200157-i-4500</leader><controlfield tag="001">000020522</controlfield><controlfield tag="002">20161230</controlfield><controlfield tag="005">20170306232507</controlfield><controlfield tag="008">060222s1000------------r-----000-0-eng-d</controlfield><datafield ind1=" " ind2=" " tag="080"><subfield code="a">537.8:535.2</subfield></datafield><datafield ind1=" " ind2=" " tag="100"><subfield code="a">Evseev, I. V</subfield></datafield><datafield ind1=" " ind2=" " tag="245"><subfield code="a">Depoliarizuiuschie stolknovenia v nelineinoi elektrodinamike</subfield></datafield><datafield ind1=" " ind2=" " tag="260"><subfield code="a">Moscva, Nauka, 1992</subfield></datafield><datafield ind1=" " ind2=" " tag="700"><subfield code="a">Samartev, V. V</subfield></datafield><datafield ind1=" " ind2=" " tag="852"><subfield code="a">80423</subfield></datafield><datafield ind1=" " ind2=" " tag="CAT"><subfield code="a">SYS</subfield><subfield code="c">20170306</subfield><subfield code="h">232507</subfield></datafield></record></collection>